@article{burman2014projection,
  title={Projection stabilization of {L}agrange multipliers for the imposition of constraints on interfaces and boundaries},
  author={Burman, Erik},
  journal={Numerical Methods for Partial Differential Equations},
  volume={30},
  number={2},
  pages={567--592},
  year={2014},
  publisher={Wiley Online Library}
}

@article{burman2009interior,
  title={Interior-penalty-stabilized {L}agrange multiplier methods for the finite-element solution of elliptic interface problems},
  author={Burman, Erik and Hansbo, Peter},
  journal={IMA journal of numerical analysis},
  volume={30},
  number={3},
  pages={870--885},
  year={2009},
  publisher={Oxford University Press}
}
