@article{burman2014projection,
  title={Projection stabilization of {L}agrange multipliers for the imposition of constraints on interfaces and boundaries},
  author={Burman, Erik},
  journal={Numerical Methods for Partial Differential Equations},
  volume={30},
  number={2},
  pages={567--592},
  year={2014},
  publisher={Wiley Online Library}
}

@article{burman2009interior,
  title={Interior-penalty-stabilized {L}agrange multiplier methods for the finite-element solution of elliptic interface problems},
  author={Burman, Erik and Hansbo, Peter},
  journal={IMA journal of numerical analysis},
  volume={30},
  number={3},
  pages={870--885},
  year={2009},
  publisher={Oxford University Press}
}

@article{mardal2011preconditioning,
  title={Preconditioning discretizations of systems of partial differential equations},
  author={Mardal, Kent-Andre and Winther, Ragnar},
  journal={Numerical Linear Algebra with Applications},
  volume={18},
  number={1},
  pages={1--40},
  year={2011},
  publisher={Wiley Online Library}
}

@article{kuchta2016preconditioners,
  title={Preconditioners for saddle point systems with trace constraints coupling 2d and 1d domains},
  author={Kuchta, Miroslav and Nordaas, Magne and Verschaeve, Joris CG and Mortensen, Mikael and Mardal, Kent-Andre},
  journal={SIAM Journal on Scientific Computing},
  volume={38},
  number={6},
  pages={B962--B987},
  year={2016},
  publisher={SIAM}
}

@book{steinbach2007numerical,
  title={Numerical approximation methods for elliptic boundary value problems: finite and boundary elements},
  author={Steinbach, Olaf},
  year={2007},
  publisher={Springer Science \& Business Media}
}

